<?xml version="1.0" encoding="UTF-8"?><collection xmlns="http://www.loc.gov/MARC21/slim"><record><leader>00393nam--2200121-i-4500</leader><controlfield tag="001">000004313</controlfield><controlfield tag="002">20161230</controlfield><controlfield tag="005">20161230201025</controlfield><controlfield tag="008">060222s1000------------r-----000-0-eng-d</controlfield><datafield ind1=" " ind2=" " tag="100"><subfield code="a">Buscher, Gustav</subfield></datafield><datafield ind1=" " ind2=" " tag="245"><subfield code="a">Physikalische experimente. uber 200 der intere ssantesten versuche, die gelingen, zur einfuhr ung in die physik</subfield></datafield><datafield ind1=" " ind2=" " tag="260"><subfield code="a">Stuttgart, Franskh Sche Verlagshandlung, 1952</subfield></datafield><datafield ind1=" " ind2=" " tag="490"><subfield code="a">158 P</subfield></datafield></record></collection>